% This file was created with JabRef 2.6b2.
% Encoding: Cp1252

@BOOK{Marshall20,
  title = {Principles of Economics},
  publisher = {London: Macmillan},
  year = {1920},
  author = {Alfred Marshall},
  edition = {8},
  note = {reprint 1949, first edition 1890},
  owner = {ekkehart},
  timestamp = {2009.07.14},
  url = {http://www.econlib.org/library/Marshall/marPtoc.html}
}

@ARTICLE{Schlicht07,
  author = {Ekkehart Schlicht},
  title = {Wage Dispersion, Over-Qualification, and Reder Competition},
  journal = {Economics: The Open-Access, Open-Assessment E-Journal},
  year = {2007},
  volume = {1},
  number = {2007-13},
  owner = {Ekkehart_2},
  timestamp = {2009.07.17},
  url = {http://www.economics-ejournal.org/economics/journalarticles/2007-13}
}

@TECHREPORT{economics2007-3,
  author = {Oliver E. Williamson},
  title = {Transaction Cost Economics: An Introduction},
  institution = {Kiel Institute for the World Economy},
  year = {2007},
  type = {Economics Discussion Papers},
  number = {2007-3},
  address = {Kiel (Germany)},
  journal = {Economics: The Open-Access, Open-Assessment E-Journal},
  url = {http://www.economics-ejournal.org/economics/discussionpapers/2007-3},
  volume = {1}
}

@comment{jabref-meta: selector_publisher:}

@comment{jabref-meta: selector_author:}

@comment{jabref-meta: selector_journal:}

@comment{jabref-meta: selector_keywords:}

