@BOOK{blsref,
	author = {{U.S. Bureau of Labor Statistics}},
	title = {Civilian Unemployment Rate [UNRATE]},
	year = {2016}, 
	publisher = {https://fred.stlouisfed.org/series/UNRATE}
}

@book{shumway2010time,
  title={Time series analysis and its applications: with R examples},
  author={Shumway, Robert H and Stoffer, David S},
  year={2010},
  publisher={Springer Science \& Business Media}
}
